@article{mitola1999cognitive,
  title={Cognitive radio: making software radios more personal},
  author={Mitola, Joseph and Maguire, Gerald Q},
  journal={IEEE Personal Communications},
  volume={6},
  number={4},
  pages={13--18},
  year={1999},
  publisher={IEEE}
}

@article{chen2008robustness,
  title={Robustness of spectrum sensing in cognitive radio networks},
  author={Chen, Ruiliang and Park, Jung-Min and Reed, Jeffrey H},
  journal={IEEE Transactions on Wireless Communications},
  volume={7},
  number={11},
  pages={4566--4575},
  year={2008},
  publisher={IEEE}
}

@article{chen2008defense,
  title={Defense against primary user emulation attacks in cognitive radio networks},
  author={Chen, Ruiliang and Park, Jung-Min and Reed, Jeffrey H},
  journal={IEEE Journal on Selected Areas in Communications},
  volume={26},
  number={1},
  pages={25--37},
  year={2008},
  publisher={IEEE}
}

@article{clancy2007applications,
  title={Applications of machine learning to cognitive radio networks},
  author={Clancy, Charles and Hecker, Joe and Stuntebeck, Erich and O'Shea, Tim},
  journal={IEEE Wireless Communications},
  volume={14},
  number={4},
  pages={47--52},
  year={2007},
  publisher={IEEE}
}

@article{jin2010robust,
  title={Robust detection of primary user emulation attacks in cognitive radio networks},
  author={Jin, Zhengrong and Anand, Santhanakrishnan and Subbalakshmi, Koduvayur P},
  journal={IEEE Transactions on Wireless Communications},
  volume={12},
  number={9},
  pages={4726--4737},
  year={2013},
  publisher={IEEE}
}

@article{yu2015puea,
  title={PUEA attacks and countermeasures in energy-based spectrum sensing},
  author={Yu, Lei and Wang, Jian and Guo, Tao and You, Xiaohu},
  journal={KSII Transactions on Internet and Information Systems},
  volume={9},
  number={11},
  pages={4484--4500},
  year={2015}
}

@article{ester1996density,
  title={A density-based algorithm for discovering clusters in large spatial databases with noise},
  author={Ester, Martin and Kriegel, Hans-Peter and Sander, J{\"o}rg and Xu, Xiaowei},
  journal={Proceedings of the Second International Conference on Knowledge Discovery and Data Mining},
  pages={226--231},
  year={1996}
}

@article{macqueen1967kmeans,
  title={Some methods for classification and analysis of multivariate observations},
  author={MacQueen, James},
  journal={Proceedings of the Fifth Berkeley Symposium on Mathematical Statistics and Probability},
  volume={1},
  number={14},
  pages={281--297},
  year={1967}
}

@article{murtagh2012algorithms,
  title={Algorithms for hierarchical clustering: an overview},
  author={Murtagh, Fionn and Contreras, Pedro},
  journal={Wiley Interdisciplinary Reviews: Data Mining and Knowledge Discovery},
  volume={2},
  number={1},
  pages={86--97},
  year={2012},
  publisher={Wiley Online Library}
}

@article{ng2001spectral,
  title={On spectral clustering: Analysis and an algorithm},
  author={Ng, Andrew Y and Jordan, Michael I and Weiss, Yair},
  journal={Advances in Neural Information Processing Systems},
  volume={14},
  year={2001}
}

@article{ahlquist2011empirical,
  title={Empirical study of K nearest neighbor interference in 802.11 networks},
  author={Ahlquist, Brent and Shrago, Ruslan and Sayrafian-Pour, Kamran},
  journal={IEEE Global Communications Conference (GLOBECOM)},
  pages={1--5},
  year={2011},
  publisher={IEEE}
}

@article{tan2006introduction,
  title={Introduction to data mining},
  author={Tan, Pang-Ning and Steinbach, Michael and Kumar, Vipin},
  journal={Pearson Education India},
  year={2006}
}

@article{barbit2017primary,
  title={Primary user emulation attack detection in cognitive radio networks using deep learning},
  author={Barbit, Selma and Jawad, T{\"u}ba and Ba{\c{s}}aran, Zin Betül and Yazg{\i}n{\c{c}}, Fad{\i}l},
  journal={International Conference on Network Protocol (ICNP)},
  pages={1--6},
  year={2017},
  publisher={IEEE}
}

@article{ahmed2020lightweight,
  title={A lightweight protocol for protecting primary users from rogue secondary users in cognitive radio networks},
  author={Ahmed, Tanveer and Mc Guire, Niall and Le Moullec, Yannick},
  journal={IEEE Wireless Communications and Networking Conference (WCNC)},
  pages={1--6},
  year={2020},
  publisher={IEEE}
}

@article{kawalec2019feature,
  title={Feature extraction from radar signals for electronic support measure systems},
  author={Kawalec, Adam and Wnuk, Marian and Owczarek, Robert},
  journal={IEEE Aerospace and Electronic Systems Magazine},
  volume={34},
  number={10},
  pages={30--39},
  year={2019},
  publisher={IEEE}
}

@article{haykin2005cognitive,
  title={Cognitive radio: brain-empowered wireless communications},
  author={Haykin, Simon},
  journal={IEEE journal on selected areas in communications},
  volume={23},
  number={2},
  pages={201--220},
  year={2005},
  publisher={IEEE}
}

@article{akyildiz2006next,
  title={Next generation/dynamic spectrum access/cognitive radio wireless networks: A survey},
  author={Akyildiz, Ian F and Lee, Won-Yeol and Vuran, Mehmet C and Mohanty, Shantidev},
  journal={Computer networks},
  volume={50},
  number={13},
  pages={2127--2159},
  year={2006},
  publisher={Elsevier}
}

@article{zhang2012advanced,
  title={Advanced sensing techniques for cognitive radio networks},
  author={Zhang, Wei and Poor, H Vincent and Letaief, Khaled Ben},
  journal={Journal of Communications and Networks},
  volume={14},
  number={2},
  pages={114--123},
  year={2012},
  publisher={IEEE}
}

@article{gardner1991exploitation,
  title={Exploitation of spectral redundancy in cyclostationary signals},
  author={Gardner, William A},
  journal={IEEE Signal Processing Magazine},
  volume={8},
  number={2},
  pages={14--36},
  year={1991},
  publisher={IEEE}
}

@article{liu2012comparison,
  title={Comparison of network anomaly detection methods},
  author={Liu, Yunfa and Li, Weiwei and Li, Yongjun},
  journal={IEEE Access},
  volume={7},
  pages={37143--37157},
  year={2019},
  publisher={IEEE}
}

@article{pei2010novel,
  title={A novel primary user emulation attack detection algorithm in cognitive radio network},
  author={Pei, Kai and Xu, Xiaojie and Tian, Yiming and Cheng, Yi},
  journal={International Conference on Communications, Circuits and Systems (ICCCAS)},
  pages={338--341},
  year={2010},
  publisher={IEEE}
}

@article{joshi2013collaborative,
  title={Collaborative detection of primary user emulation attacks in cognitive radio networks},
  author={Joshi, Gaurav P and Nam, Seung Yeob   and Kim, Sung Won},
  journal={IEEE International Conference on ICT Convergence (ICTC)},
  pages={719--724},
  year={2013},
  publisher={IEEE}
}

@article{yu2016overview,
  title={An overview of research on primary user emulation attack in cognitive radio networks},
  author={Yu, Chunsheng and Wang, Hong},
  journal={Peer-to-Peer Networking and Applications},
  volume={9},
  number={6},
  pages={1093--1102},
  year={2016},
  publisher={Springer}
}

@article{chandrasekaran2017lightweight,
  title={A lightweight machine learning-based primary user emulation attack detection framework for cognitive radio networks},
  author={Chandrasekaran, Gokul and Trueman, Timothy E and Subbalakshmi, Koduvayur P},
  journal={Wireless Communications and Mobile Computing},
  year={2017},
  publisher={Hindawi}
}

@article{kruys2011cognitive,
  title={Cognitive radio: Moving from concept to reality},
  author={Kruys, Jan},
  journal={IEEE Wireless Communications},
  volume={18},
  number={6},
  pages={10--11},
  year={2011},
  publisher={IEEE}
}

@article{sharma2015cognitive,
  title={Cognitive radio techniques for spectrum sensing issue: A review},
  author={Sharma, Shree Krishna and Bogale, Tadilo Endeshaw and Chatzinotas, Symeon and Ottersten, Björn and Le, Long Bao and Wang, Xianbin},
  journal={IEEE Communications Surveys & Tutorials},
  volume={17},
  number={3},
  pages={1858--1876},
  year={2015},
  publisher={IEEE}
}

@article{fragkiadakis2013anomaly,
  title={An anomaly-based approach for intrusion detection in wireless networks},
  author={Fragkiadakis, Alexandros G and Tragos, Elias Z and Askoxylakis, Ioannis G},
  journal={IEEE Communications Surveys & Tutorials},
  volume={16},
  number={1},
  pages={403--422},
  year={2013},
  publisher={IEEE}
}

@article{he2021cross,
  title={Cross-layer detection of malicious attacks for smart grid communications},
  author={He, Yun and Mendis, G Rasitha and Wei, Jin},
  journal={IEEE Access},
  volume={9},
  pages={58777--58789},
  year={2021},
  publisher={IEEE}
}

@article{nguyen2019detection,
  title={Detection and prevention of primary user emulation attack in cognitive radio networks using machine learning},
  author={Nguyen, Thuc and Nguyen, Tri and Tran, Hung},
  journal={International Conference on Advanced Technologies for Communications (ATC)},
  pages={87--91},
  year={2019},
  publisher={IEEE}
}

@article{sadeghi2022machine,
  title={Machine learning-based attacks and defenses in computer security: A survey},
  author={Sadeghi, Reza and Barreno, Marco and Tygar, J Doug},
  journal={IEEE Transactions on Dependable and Secure Computing},
  volume={19},
  number={5},
  pages={3439--3458},
  year={2022},
  publisher={IEEE}
}
