@article{mitola1999cognitive,
  title={Cognitive radio: making software radios more personal},
  author={Mitola, Joseph and Maguire Jr, Gerald Q},
  journal={IEEE personal communications},
  volume={6},
  number={4},
  pages={13--18},
  year={1999},
  publisher={IEEE}
}

@article{haykin2005cognitive,
  title={Cognitive radio: brain-empowered wireless communications},
  author={Haykin, Simon},
  journal={IEEE journal on selected areas in communications},
  volume={23},
  number={2},
  pages={201--220},
  year={2005},
  publisher={IEEE}
}

@article{chen2008primary,
  title={Primary user emulation attacks in cognitive radio networks and countermeasures},
  author={Chen, Zijian and Cooklev, Todor and Chen, Cihan and Pomalaza-Raez, Carlos},
  journal={IEEE transactions on vehicular technology},
  volume={57},
  number={3},
  pages={1520--1534},
  year={2008},
  publisher={IEEE}
}

@inproceedings{anand2006analytical,
  title={An analytical model for primary user emulation attacks in cognitive radio networks},
  author={Anand, Shridhar and Jin, Zhiqiang and Subbalakshmi, KP},
  booktitle={3rd IEEE symposium on new frontiers in dynamic spectrum access networks},
  pages={364--376},
  year={2006},
  organization={IEEE}
}

@article{ester1996density,
  title={A density-based algorithm for discovering clusters in large spatial databases with noise},
  author={Ester, Martin and Kriegel, Hans-Peter and Sander, J{\"o}rg and Xu, Xiaowei and others},
  journal={kdd},
  volume={96},
  number={34},
  pages={226--231},
  year={1996}
}

@article{macqueen1967some,
  title={Some methods for classification and analysis of multivariate observations},
  author={MacQueen, James and others},
  journal={Proceedings of the fifth Berkeley symposium on mathematical statistics and probability},
  volume={1},
  number={14},
  pages={281--297},
  year={1967},
  publisher={Oakland, CA, USA}
}

@article{ward1963hierarchical,
  title={Hierarchical grouping to optimize an objective function},
  author={Ward Jr, Joe H},
  journal={Journal of the American statistical association},
  volume={58},
  number={301},
  pages={236--244},
  year={1963},
  publisher={Taylor \& Francis}
}

@article{akyildiz2011cooperative,
  title={Cooperative spectrum sensing in cognitive radio networks: a survey},
  author={Akyildiz, Ian F and Lo, Brandon F and Balakrishnan, Ravikumar},
  journal={Physical communication},
  volume={4},
  number={1},
  pages={40--62},
  year={2011},
  publisher={Elsevier}
}

@article{wang2011game,
  title={Game theory for cognitive radio networks: an overview},
  author={Wang, Beibei and Wu, Yongle and Liu, KJ Ray},
  journal={Computer networks},
  volume={54},
  number={14},
  pages={2537--2561},
  year={2010},
  publisher={Elsevier}
}

@inproceedings{zhang2007clustering,
  title={Clustering-based primary user emulation attack detection in cognitive radio networks},
  author={Zhang, Lili and Ding, Guoru and Wu, Qihui and Zou, Yulong and Han, Zhu and Wang, Jinlong},
  booktitle={IEEE International Conference on Communications},
  pages={1--5},
  year={2014},
  organization={IEEE}
}

@article{liu2013machine,
  title={Machine learning paradigms for next-generation wireless networks},
  author={Liu, Yuanwei and Qin, Zhijin and Elkashlan, Maged and Ding, Zhiguo and Nallanathan, Arumugam and Hanzo, Lajos},
  journal={IEEE Wireless Communications},
  volume={24},
  number={2},
  pages={98--105},
  year={2017},
  publisher={IEEE}
}

@article{ghasemi2008spectrum,
  title={Spectrum sensing in cognitive radio networks: requirements, challenges and design trade-offs},
  author={Ghasemi, Amir and Sousa, Elvino S},
  journal={IEEE Communications magazine},
  volume={46},
  number={4},
  pages={32--39},
  year={2008},
  publisher={IEEE}
}

@inproceedings{jin2007security,
  title={Security in cognitive radio networks: a survey},
  author={Jin, Zhiqiang and Anand, Shridhar and Subbalakshmi, KP},
  booktitle={IEEE Communications Surveys \& Tutorials},
  volume={15},
  number={1},
  pages={428--442},
  year={2013},
  organization={IEEE}
}

@article{yucek2009survey,
  title={A survey of spectrum sensing algorithms for cognitive radio applications},
  author={Y{\"u}cek, Tevfik and Arslan, H{\"u}seyin},
  journal={IEEE communications surveys \& tutorials},
  volume={11},
  number={1},
  pages={116--130},
  year={2009},
  publisher={IEEE}
}

@inproceedings{lloyd1982least,
  title={Least squares quantization in PCM},
  author={Lloyd, Stuart},
  journal={IEEE transactions on information theory},
  volume={28},
  number={2},
  pages={129--137},
  year={1982},
  publisher={IEEE}
}

@article{jain2010data,
  title={Data clustering: 50 years beyond K-means},
  author={Jain, Anil K},
  journal={Pattern recognition letters},
  volume={31},
  number={8},
  pages={651--666},
  year={2010},
  publisher={Elsevier}
}

@article{rousseeuw1987silhouettes,
  title={Silhouettes: a graphical aid to the interpretation and validation of cluster analysis},
  author={Rousseeuw, Peter J},
  journal={Journal of computational and applied mathematics},
  volume={20},
  pages={53--65},
  year={1987},
  publisher={Elsevier}
}

@article{davies1979cluster,
  title={A cluster separation measure},
  author={Davies, David L and Bouldin, Donald W},
  journal={IEEE transactions on pattern analysis and machine intelligence},
  number={2},
  pages={224--227},
  year={1979},
  publisher={IEEE}
}

@inproceedings{calinski1974dendrite,
  title={A dendrite method for cluster analysis},
  author={Cali{\'n}ski, Tadeusz and Harabasz, Jerzy},
  journal={Communications in Statistics-theory and Methods},
  volume={3},
  number={1},
  pages={1--27},
  year={1974},
  publisher={Taylor \& Francis}
}

@article{fawcett2006introduction,
  title={An introduction to ROC analysis},
  author={Fawcett, Tom},
  journal={Pattern recognition letters},
  volume={27},
  number={8},
  pages={861--874},
  year={2006},
  publisher={Elsevier}
}

@book{hastie2009elements,
  title={The elements of statistical learning: data mining, inference, and prediction},
  author={Hastie, Trevor and Tibshirani, Robert and Friedman, Jerome},
  year={2009},
  publisher={Springer Science \& Business Media}
}
